<record><leader>00000cas a2200000 a 4500</leader><controlfield tag="001">32732811</controlfield><controlfield tag="008">950629d19661985fludr ne      0    0eng c</controlfield><datafield ind1=" " ind2=" " tag="010"><subfield code="a">sn 95071259 </subfield></datafield><datafield ind1=" " ind2=" " tag="040"><subfield code="a">NYS</subfield><subfield code="b">eng</subfield><subfield code="c">NYS</subfield><subfield code="d">FUG</subfield><subfield code="d">OCLCQ</subfield><subfield code="d">OCLCF</subfield><subfield code="d">DLC</subfield></datafield><datafield ind1=" " ind2=" " tag="012"><subfield code="i">9603</subfield></datafield><datafield ind1=" " ind2=" " tag="042"><subfield code="a">pcc</subfield></datafield><datafield ind1=" " ind2=" " tag="043"><subfield code="a">n-us-fl</subfield></datafield><datafield ind1="0" ind2="0" tag="050"><subfield code="a">Newspaper</subfield></datafield><datafield ind1="0" ind2=" " tag="130"><subfield code="a">Today (Cocoa, Fla.)</subfield></datafield><datafield ind1="1" ind2="0" tag="245"><subfield code="a">Today.</subfield></datafield><datafield ind1=" " ind2=" " tag="260"><subfield code="a">Cocoa, Fla. :</subfield><subfield code="b">Gannett Florida Corp.,</subfield><subfield code="c">-1985.</subfield></datafield><datafield ind1=" " ind2=" " tag="300"><subfield code="a">20 v.</subfield></datafield><datafield ind1=" " ind2=" " tag="310"><subfield code="a">Daily</subfield></datafield><datafield ind1="1" ind2=" " tag="362"><subfield code="a">Began Mar. 21, 1966.</subfield></datafield><datafield ind1="0" ind2=" " tag="362"><subfield code="a">-v. 20, no. 156 (Aug. 25, 1985).</subfield></datafield><datafield ind1=" " ind2=" " tag="500"><subfield code="a">"Florida's space age newspaper."</subfield></datafield><datafield ind1=" " ind2=" " tag="588"><subfield code="a">Description based on: Vol. 4, no. 281 (Jan. 1, 1970).</subfield></datafield><datafield ind1=" " ind2="0" tag="651"><subfield code="a">Cocoa (Fla.)</subfield><subfield code="v">Newspapers.</subfield></datafield><datafield ind1=" " ind2="0" tag="651"><subfield code="a">Brevard County (Fla.)</subfield><subfield code="v">Newspapers.</subfield></datafield><datafield ind1=" " ind2="7" tag="651"><subfield code="a">Florida</subfield><subfield code="z">Brevard County.</subfield><subfield code="2">fast</subfield><subfield code="0">(OCoLC)fst01212300</subfield></datafield><datafield ind1=" " ind2="7" tag="651"><subfield code="a">Florida</subfield><subfield code="z">Cocoa.</subfield><subfield code="2">fast</subfield><subfield code="0">(OCoLC)fst01216526</subfield></datafield><datafield ind1=" " ind2="7" tag="655"><subfield code="a">Newspapers.</subfield><subfield code="2">fast</subfield><subfield code="0">(OCoLC)fst01423814</subfield></datafield><datafield ind1=" " ind2=" " tag="752"><subfield code="a">United States</subfield><subfield code="b">Florida</subfield><subfield code="c">Brevard</subfield><subfield code="d">Cocoa.</subfield></datafield><datafield ind1="0" ind2="0" tag="780"><subfield code="t">Cocoa today</subfield></datafield><datafield ind1="0" ind2="5" tag="780"><subfield code="t">Evening tribune (Cocoa, Fla.)</subfield><subfield code="w">(DLC)sn 96027158</subfield><subfield code="w">(OCoLC)34199459</subfield></datafield><datafield ind1="0" ind2="0" tag="785"><subfield code="t">Florida today (Cocoa, Fla.)</subfield><subfield code="x">1051-8304</subfield><subfield code="w">(DLC)sn 90001833</subfield><subfield code="w">(OCoLC)14366320</subfield></datafield><datafield ind1=" " ind2=" " tag="850"><subfield code="a">FU</subfield></datafield><datafield ind1="1" ind2=" " tag="029"><subfield code="a">AU@</subfield><subfield code="b">000011903968</subfield></datafield></record>